@article{du2018algorithmic,
  title={Algorithmic Regularization in Learning Deep Homogeneous Models: Layers are Automatically Balanced},
  author={Du, Simon S and Hu, Wei and Lee, Jason D},
  journal={Advances in Neural Information Processing Systems},
  pages={384--395},
  year={2018}
}

@inproceedings{roy2007effective,
  title={The effective rank: A measure of effective dimensionality},
  author={Roy, Olivier and Vetterli, Martin},
  booktitle={2007 15th European Signal Processing Conference},
  pages={606--610},
  year={2007},
  organization={IEEE}
}

@inproceedings{lyu2019gradient,
  title={Gradient Descent Maximizes the Margin of Homogeneous Neural Networks},
  author={Lyu, Kaifeng and Li, Jian},
  booktitle={International Conference on Learning Representations},
  year={2019}
}

@article{ji2020directional,
  title={Directional convergence and alignment in deep learning},
  author={Ji, Ziwei and Telgarsky, Matus},
  journal={Advances in Neural Information Processing Systems},
  year={2020}
}

@inproceedings{sanyal2019stable,
  title={Stable Rank Normalization for Improved Generalization in Neural Networks and GANs},
  author={Sanyal, Amartya and Torr, Philip H and Dokania, Puneet K},
  booktitle={International Conference on Learning Representations},
  year={2019}
}

@article{rudelson2007sampling,
  title={Sampling from large matrices: An approach through geometric functional analysis},
  author={Rudelson, Mark and Vershynin, Roman},
  journal={Journal of the ACM (JACM)},
  volume={54},
  number={4},
  pages={21--es},
  year={2007},
  publisher={ACM New York, NY, USA}
}


@inproceedings{zhang2017understanding,
	title={Understanding deep learning requires rethinking generalization},
	author={Zhang, Chiyuan and Bengio, Samy and Hardt, Moritz and Recht, Benjamin and Vinyals, Oriol},
	booktitle={International Conference on Learning Representations},
	year={2017}
}

@inproceedings{neyshabur2015search,
  title={In Search of the Real Inductive Bias: On the Role of Implicit Regularization in Deep Learning.},
  author={Neyshabur, Behnam and Tomioka, Ryota and Srebro, Nathan},
  booktitle={ICLR (Workshop)},
  year={2015}
}

@inproceedings{neyshabur2017exploring,
	title={Exploring generalization in deep learning},
	author={Neyshabur, Behnam and Bhojanapalli, Srinadh and McAllester, David and Srebro, Nati},
	booktitle={Advances in Neural Information Processing Systems},
	pages={5947--5956},
	year={2017}
}

@inproceedings{gunasekar2018implicit,
	title={Implicit regularization in matrix factorization},
	author={Gunasekar, Suriya and Woodworth, Blake and Bhojanapalli, Srinadh and Neyshabur, Behnam and Srebro, Nathan},
	booktitle={2018 Information Theory and Applications Workshop (ITA)},
	pages={1--10},
	year={2018},
	organization={IEEE}
}

@article{belabbas2020implicit,
	title={On implicit regularization: Morse functions and applications to matrix factorization},
	author={Belabbas, Mohamed Ali},
	journal={arXiv preprint arXiv:2001.04264},
	year={2020}
}

@inproceedings{arora2019implicit,
	title={Implicit regularization in deep matrix factorization},
	author={Arora, Sanjeev and Cohen, Nadav and Hu, Wei and Luo, Yuping},
	booktitle={Advances in Neural Information Processing Systems},
	pages={7413--7424},
	year={2019}
}

@article{razin2020implicit,
  title={Implicit Regularization in Deep Learning May Not Be Explainable by Norms},
  author={Razin, Noam and Cohen, Nadav},
  journal={Advances in Neural Information Processing Systems},
  year={2020}
}

@inproceedings{li2020towards,
  title={Towards Resolving the Implicit Bias of Gradient Descent for Matrix Factorization: Greedy Low-Rank Learning},
  author={Li, Zhiyuan and Luo, Yuping and Lyu, Kaifeng},
  booktitle={International Conference on Learning Representations},
  year={2020}
}

@article{razin2021implicit,
  title={Implicit Regularization in Tensor Factorization},
  author={Razin, Noam and Maman, Asaf and Cohen, Nadav},
  journal={arXiv preprint arXiv:2102.09972},
  year={2021}
}


@inproceedings{ji2018gradient,
  title={Gradient descent aligns the layers of deep linear networks},
  author={Ji, Ziwei and Telgarsky, Matus},
  booktitle={International Conference on Learning Representations},
  year={2018}
}

@inproceedings{vardi2021implicit,
  title={Implicit regularization in relu networks with the square loss},
  author={Vardi, Gal and Shamir, Ohad},
  booktitle={Conference on Learning Theory},
  pages={4224--4258},
  year={2021},
  organization={PMLR}
}

@inproceedings{arora2018stronger,
  title={Stronger generalization bounds for deep nets via a compression approach},
  author={Arora, Sanjeev and Ge, Rong and Neyshabur, Behnam and Zhang, Yi},
  booktitle={International Conference on Machine Learning},
  pages={254--263},
  year={2018},
  organization={PMLR}
}

@inproceedings{denton2014exploiting,
  title={Exploiting linear structure within convolutional networks for efficient evaluation},
  author={Denton, Emily L and Zaremba, Wojciech and Bruna, Joan and LeCun, Yann and Fergus, Rob},
  booktitle={Advances in neural information processing systems},
  pages={1269--1277},
  year={2014}
}

@inproceedings{yu2017compressing,
  title={On compressing deep models by low rank and sparse decomposition},
  author={Yu, Xiyu and Liu, Tongliang and Wang, Xinchao and Tao, Dacheng},
  booktitle={Proceedings of the IEEE Conference on Computer Vision and Pattern Recognition},
  pages={7370--7379},
  year={2017}
}

@article{alvarez2017compression,
  title={Compression-aware training of deep networks},
  author={Alvarez, Jose M and Salzmann, Mathieu},
  journal={Advances in neural information processing systems},
  pages={856--867},
  year={2017}
}

@article{tukan2020compressed,
  title={Compressed deep networks: Goodbye svd, hello robust low-rank approximation},
  author={Tukan, Murad and Maalouf, Alaa and Weksler, Matan and Feldman, Dan},
  journal={arXiv preprint arXiv:2009.05647},
  year={2020}
}
@article{vardi2021margin,
  title={On Margin Maximization in Linear and ReLU Networks},
  author={Vardi, Gal and Shamir, Ohad and Srebro, Nathan},
  journal={arXiv preprint arXiv:2110.02732},
  year={2021}
}

@inproceedings{li2018algorithmic,
	title={Algorithmic regularization in over-parameterized matrix sensing and neural networks with quadratic activations},
	author={Li, Yuanzhi and Ma, Tengyu and Zhang, Hongyang},
	booktitle={Conference On Learning Theory},
	pages={2--47},
	year={2018},
	organization={PMLR}
}

@inproceedings{ma2018implicit,
	title={Implicit regularization in nonconvex statistical estimation: Gradient descent converges linearly for phase retrieval and matrix completion},
	author={Ma, Cong and Wang, Kaizheng and Chi, Yuejie and Chen, Yuxin},
	booktitle={International Conference on Machine Learning},
	pages={3345--3354},
	year={2018},
	organization={PMLR}
}

@inproceedings{woodworth2020kernel,
  title={Kernel and rich regimes in overparametrized models},
  author={Woodworth, Blake and Gunasekar, Suriya and Lee, Jason D and Moroshko, Edward and Savarese, Pedro and Golan, Itay and Soudry, Daniel and Srebro, Nathan},
  booktitle={Conference on Learning Theory},
  pages={3635--3673},
  year={2020},
  organization={PMLR}
}

@inproceedings{gidel2019implicit,
	title={Implicit regularization of discrete gradient dynamics in linear neural networks},
	author={Gidel, Gauthier and Bach, Francis and Lacoste-Julien, Simon},
	booktitle={Advances in Neural Information Processing Systems},
	pages={3202--3211},
	year={2019}
}

@inproceedings{yun2020unifying,
  title={A unifying view on implicit bias in training linear neural networks},
  author={Yun, Chulhee and Krishnan, Shankar and Mobahi, Hossein},
  booktitle={International Conference on Learning Representations},
  year={2020}
}

@inproceedings{azulay2021implicit,
    title={On the implicit bias of initialization shape: Beyond infinitesimal mirror descent},
    author={Azulay, Shahar and Moroshko, Edward and Nacson, Mor Shpigel and Woodworth, Blake and Srebro, Nathan and Globerson, Amir and Soudry, Daniel},
    booktitle = {International Conference on Machine Learning},
    pages     = {468--477},
    year      = {2021}
}

@inproceedings{williams2019gradient,
	title={Gradient dynamics of shallow univariate relu networks},
	author={Williams, Francis and Trager, Matthew and Panozzo, Daniele and Silva, Claudio and Zorin, Denis and Bruna, Joan},
	booktitle={Advances in Neural Information Processing Systems},
	pages={8378--8387},
	year={2019}
}

@article{jin2020implicit,
  title={Implicit bias of gradient descent for mean squared error regression with wide neural networks},
  author={Jin, Hui and Mont{\'u}far, Guido},
  journal={arXiv preprint arXiv:2006.07356},
  year={2020}
}

@article{soudry2018implicit,
	title={The implicit bias of gradient descent on separable data},
	author={Soudry, Daniel and Hoffer, Elad and Nacson, Mor Shpigel and Gunasekar, Suriya and Srebro, Nathan},
	journal={The Journal of Machine Learning Research},
	volume={19},
	number={1},
	pages={2822--2878},
	year={2018},
	publisher={JMLR. org}
}

@article{ji2018risk,
	title={Risk and parameter convergence of logistic regression},
	author={Ji, Ziwei and Telgarsky, Matus},
	journal={arXiv preprint arXiv:1803.07300},
	year={2018}
}

@inproceedings{ji2020gradient,
	title={Gradient descent follows the regularization path for general losses},
	author={Ji, Ziwei and Dud{\'\i}k, Miroslav and Schapire, Robert E and Telgarsky, Matus},
	booktitle={Conference on Learning Theory},
	pages={2109--2136},
	year={2020},
	organization={PMLR}
}

@article{shamir2021gradient,
  title={Gradient methods never overfit on separable data},
  author={Shamir, Ohad},
  journal={Journal of Machine Learning Research},
  volume={22},
  number={85},
  pages={1--20},
  year={2021}
}

@inproceedings{ji2021characterizing,
  title={Characterizing the implicit bias via a primal-dual analysis},
  author={Ji, Ziwei and Telgarsky, Matus},
  booktitle={Algorithmic Learning Theory},
  pages={772--804},
  year={2021},
  organization={PMLR}
}

@article{moroshko2020implicit,
	title={Implicit bias in deep linear classification: Initialization scale vs training accuracy},
	author={Moroshko, Edward and Woodworth, Blake E and Gunasekar, Suriya and Lee, Jason D and Srebro, Nati and Soudry, Daniel},
	journal={Advances in Neural Information Processing Systems},
	year={2020}
}

@inproceedings{chizat2020implicit,
  title={Implicit bias of gradient descent for wide two-layer neural networks trained with the logistic loss},
  author={Chizat, Lenaic and Bach, Francis},
  booktitle={Conference on Learning Theory},
  pages={1305--1338},
  year={2020},
  organization={PMLR}
}

@article{eftekhari2020implicit,
	title={Implicit Regularization in Matrix Sensing: A Geometric View Leads to Stronger Results},
	author={Eftekhari, Armin and Zygalakis, Konstantinos},
	journal={arXiv preprint arXiv:2008.12091},
	year={2020}
}

@inproceedings{oymak2019overparameterized,
	title={Overparameterized nonlinear learning: Gradient descent takes the shortest path?},
	author={Oymak, Samet and Soltanolkotabi, Mahdi},
	booktitle={International Conference on Machine Learning},
	pages={4951--4960},
	year={2019}
}

@inproceedings{nacson2019convergence,
	title={Convergence of gradient descent on separable data},
	author={Nacson, Mor Shpigel and Lee, Jason and Gunasekar, Suriya and Savarese, Pedro Henrique Pamplona and Srebro, Nathan and Soudry, Daniel},
	booktitle={The 22nd International Conference on Artificial Intelligence and Statistics},
	pages={3420--3428},
	year={2019},
	organization={PMLR}
}

@inproceedings{gunasekar2018characterizing,
  title={Characterizing implicit bias in terms of optimization geometry},
  author={Gunasekar, Suriya and Lee, Jason and Soudry, Daniel and Srebro, Nathan},
  booktitle={International Conference on Machine Learning},
  pages={1832--1841},
  year={2018},
  organization={PMLR}
}

@inproceedings{nacson2019lexicographic,
  title={Lexicographic and depth-sensitive margins in homogeneous and non-homogeneous deep models},
  author={Nacson, Mor Shpigel and Gunasekar, Suriya and Lee, Jason and Srebro, Nathan and Soudry, Daniel},
  booktitle={International Conference on Machine Learning},
  pages={4683--4692},
  year={2019},
  organization={PMLR}
}

@inproceedings{gunasekar2018bimplicit,
	title={Implicit bias of gradient descent on linear convolutional networks},
	author={Gunasekar, Suriya and Lee, Jason D and Soudry, Daniel and Srebro, Nati},
	booktitle={Advances in Neural Information Processing Systems},
	pages={9461--9471},
	year={2018}
}